% --- Citazioni --- %

% Esempio citazione di un libro  TODO LEVARE CLEAN CODE%

@book{edoctor,
    author={G. Handelman, H. Kok, R. Chandra, A. Razavi, M. Lee, and H. Asadi},
    title={eDoctor:machine learning and the future of medicine},
    publisher = {Journal of internal medicine},
    year={2018}
}

@book{newenglandjournal,
    author={Z. Obermeyer, E. J. Emanuel},
    title={Predicting the future — big data, machine learning, and clinical medicine},
    publisher={The New England journal of medicine},
    year={2016}
}

@book{articolo1_breastcancer,
    author={F. Walsh},
    title={AI outperforms doctors diagnosing breast cancer www.bbc.com/news/health-50857759},
    publisher={bbc},
    year={2020}
}

@book{articolo2_breastcancer,
    author={A.Satariano,C.Metz},
    title={Using A.I. to Detect Breast Cancer That Doctors Miss www.nytimes.com/2023/03/05/technology/artificial-intelligence-breast-cancer-detection.html},
    publisher={New York Times},
    year={2023}
}


@book{articolo1_retinopatia,
    author={Grzybowski, A., Brona, P., Lim, G. etal},
    title={Artificial intelligence for diabetic retinopathy screening: a review},
    publisher={Eye 34, 451–460},
    year={2020},
    link={https://doi.org/10.1038/s41433-019-0566-0}
}

@book{articolo2_retinopatia,
    author={Padhy SK, Takkar B, Chawla R, Kumar A. },
    title={Artificial intelligence in diabetic retinopathy: A natural step to the future.},
    publisher={Indian J Ophthalmol},
    year={2019},
    address={https://doi.org/10.1038/s41433-019-0566-0}
}

@book{crescitadaticlinici,
    author={N. Bigirimana },
    title={Reduce costs, save lives: how healthcare data can help emerging economies},
    publisher={World Economic Forum},
    year={2019},
    address={https://www.weforum.org/agenda/2019/09/emerging-economies-healthcare-data}
}
@book{Samsung,
    author={M. Turea },
    title={Samsung Gets FDA Clearance for New ECG Tracking App},
    publisher={healthcareweekly},
    year={2020},
    address={https://healthcareweekly.com/samsung-gets-fda-clearance-for-new-ecg-tracking-app/}
}
@book{Apple,
    author={J. Su },
    title={Apple Watch 4 Is Now An FDA Class 2 Medical Device: Detects Falls, Irregular Heart Rhythm},
    publisher={Forbes},
    year={2018},
    address={https://www.forbes.com/sites/jeanbaptiste/2018/09/14/apple-watch-4-is-now-an-fda-class-2-medical-device-detects-falls-irregular-heart-rhythm/}
}

@book{RelazionePazienteDoc1,
    author={Chipidza FE, Wallwork RS, Stern TA. },
    title={Impact of the Doctor-Patient Relationship},
    publisher={Prim Care Companion CNS Disord},
    year={2015},
    address={https://www.ncbi.nlm.nih.gov/pmc/articles/PMC4732308/}
} 

@book{RelazionePazienteDoc2,
    title={Doctor-patient relationship improves your health},
    year={2014},
    address={https://www.health.harvard.edu/staying-healthy/doctor-patient-relationship-improves-your-health/}
} 
@book{TempoMedici,
    author={Butler R, Monsalve M, Thomas GW, Herman T, Segre AM, Polgreen PM, Suneja M.},
    title={Estimating Time Physicians and Other Health Care Workers Spend with Patients in an Intensive Care Unit Using a Sensor Network},
    publisher={Am J Med.},
    year={2018},
    address={https://pubmed.ncbi.nlm.nih.gov/29649458/}
} 

@book{HandsOnML,
    author={Aurélien Géron},
    title={Hands-On Machine Learning with Scikit-Learn, Keras, and TensorFlow 3rd ed.},
    publisher={O’Reilly },
    year={2022},
}
@book{Regressione,
    author={Schneider A, Hommel G, Blettner M.},
    title={Linear regression analysis: part 14 of a series on evaluation of scientific publications},
    publisher={Dtsch Arztebl Int},
    year={2010},
    address={https://www.ncbi.nlm.nih.gov/pmc/articles/PMC2992018/}
}
@book{biasgoogle,
title={Fairness: Types of Bias},
address={https://developers.google.com/machine-learning/crash-course/fairness/types-of-bias}
}

@book{imm_blackbox,
title={Qureshi, Rizwan & Irfan, Muhammad & Ali, Hazrat & Khan, Arshad & Ali, Shawkat & shah, zaigham & Gondal, Taimoor & Sadak, Ferhat & Shah, Zubair & Hadi, Muhammad Usman & Khan, Sheheryar & Bermak, Amine & shekhar, aditya. (2023). Artificial Intelligence and Biosensors in Healthcare and its Clinical Relevance: A Review. 10.36227/techrxiv.22293442. }

}

@book{imm_dataaug,
title={Data Augmentation for Brain-Tumor Segmentation: A Review ,Nalepa Jakub, Marcinkiewicz Michal, Kawulok Michal,Frontiers in Computational Neuroscience vol.13 2019 https://www.frontiersin.org/articles/10.3389/fncom.2019.00083}
}

@book{def_iperpiano,
address={https://it.wikipedia.org/wiki/Iperpian}
}


@book{imm_svm,
title={support vector machine introduction to machine learning algorithms},
address={https:\\towardsdatascience.com/support-vector-machine-introduction-to-machine-learning-algorithms-934a444fca47
}
}
@book{imm_svmkerneltrick,
title={The Kernel Trick in Support Vector Classification},
address={https://towardsdatascience.com/the-kernel-trick-c98cdbcaeb3f}
}

@book{interpretableml,
title={Interpretable Machine Learning
A Guide for Making Black Box Models Explainable
},
author={Christoph Molnar}
}

@book{immstepslime,
author={G.Visani},
title={LIME: explain Machine Learning predictions},
address={https://towardsdatascience.com/lime-explain-machine-learning-predictions-af8f18189bfe}
}

@book{immcf,
author={Keegan Hines},
title={An Overview of Counterfactual Explainability},
address={https://www.arthur.ai/blog/counterfactual-explainability-neurips}
}

@book{XGB,
author={Tianqi Chen e Carlos Guestrin},
title={XGBoost. In: Proceedings of the 22nd ACM
SIGKDD International Conference on Knowledge Discovery and Data Mining -
KDD},
address={https:
//doi.org/10.1145/2939672.2939785.}
}
@book{XGBNvidia,
author={Nvidia},
title={XGBoost},
address={https://www.nvidia.com/en-us/glossary/data-science/xgboost/#:~:text=XGBoost}
}

@book{ibmdecisiontrees,
author={IBM},
title={Decision-trees},
address={https://www.ibm.com/it-it/topics/decision-trees}
}

@book{immrf,
author={tibco},
title={what is random forest},
address={https://www.tibco.com/reference-center/what-is-a-random-forest}
}

@book{immbagging,
author={hudsonthames},
title={Bagging in Financial Machine Learning: Sequential Bootstrapping. Python example},
address={https://hudsonthames.org/bagging-in-financial-machine-learning-sequential-bootstrapping-python/
}
}
@book{whocontesto,
author={World Health Organization},
title={Cardiovascular diseases},
address={https://www.who.int/health-topics/cardiovascular-diseases#tab=tab_1}
}

@book{DedalusDescrizione,
author={Dedalus},
title={Dedalus-Chi Siamo?},
address={https://www.dedalus.com/italy/it/chi-siamo/azienda/}
}

@book{ImmConfusionMatrix,
author={Joydwip Mohajon},
title={Confusion Matrix for Your Multi-Class Machine Learning Model},
address={https://towardsdatascience.com/confusion-matrix-for-your-multi-class-machine-learning-model-ff9aa3bf7826}
}

@book{ImmGaussiana,
author={edutecnica},
title={Distribuzione Normale},
address={http://www.edutecnica.it/calcolo/normale/normale.htm}
}


@book{ImmHeatMap,
author={VitalFlux},
title={Correlation Concepts, Matrix & Heatmap using Seaborn
},
address={https://vitalflux.com/correlation-heatmap-with-seaborn-pandas/}
}

@book{GoogleMedpalm2,
author={Google},
title={MedPalm2},
address={https://sites.research.google/med-palm/
}


}

@book{MonitorAI,
author={drkumo},
title={AI in Healthcare: Revolutionizing Remote Patient Monitoring
},
address={https://drkumo.com/ai-in-healthcare-revolutionizing-remote-patient-monitoring/#:~:text=AI\%2Dpowered\%20RPM\%20can\%20continuously,to\%20better\%20manage\%20chronic\%20conditions.
}
}

@book{aicambiatutto,
author={Ilija Mihajlovic},
title={How Artificial Intelligence Is Impacting Our Everyday Lives
},
address={https://towardsdatascience.com/how-artificial-intelligence-is-impacting-our-everyday-lives-eae3b63379e1}
}

@book{ImmShapExample,
author={Scott Lundberg},
title={SHAP},
address={https://github.com/slundberg/shap}
}

@book{ImmClassificazione,
author={LearnAI},
title={Classification in Machine Learning
},
address={
https://learnai1.home.blog/2019/12/13/classification-in-machine-learning/}
}
@book{ImmRegressione,
author={Abrham Gebreselasie},
address={https://www.quora.com/What-is-regression-in-machine-learning}
}
@book{ImmClustering,
author={Geek for Geek},
title={Clustering High-Dimensional Data in Data Mining},
address={Clustering High-Dimensional Data in Data Mining}
}
@book{ImmProblemiML,
author={John Vastola},
title={Master the Top 10 Data Science Techniques: A Beginner’s Guide
},
address={https://levelup.gitconnected.com/master-the-top-10-data-science-techniques-a-beginners-guide-40410de8253}
}
@book{ImmOverUnderSampling,
address={https://pulplearning.altervista.org/tecniche-undersampling-oversampling/}
}
@book{ImmTOmekLink,
author={Shivam Chhetry},
title={Handling Imbalanced Dataset In Machine Learning.
},
address={https://shivamkc01.medium.com/handling-imbalanced-dataset-in-machine-learning-9ac075787e07}

}

@book{ImmENN,
author={Fahrudin, Tora},
title={The Undersampling Effects on RANDSHUFF Oversampling Algorithms},
address={https://ieeexplore.ieee.org/document/9003930},
doi={10.1109/ICITISEE48480.2019.9003930}
}

@book{ImmZscore,
author={A.Gulati},
title={Dealing with outliers using the Z-Score method},
address={https://www.analyticsvidhya.com/blog/2022/08/dealing-with-outliers-using-the-z-score-method/}
}

@book{ImmIQR,
author={Wikipedia},
title={Outlier},
address={https://it.wikipedia.org/wiki/Outlier}
}

@book{ImmFittingComparazione,
title={Metodi di Riduzione dell'overfitting},
address={https://www.houseofcodes.it/metodi-di-riduzione-dell-overfitting/}
}

@book{ImmKFOld,
author={MathWorks},
title={Cross Validations},
address={https://www.mathworks.com/discovery/cross-validation.html}
}

@book{MITbias,
author={MIT},
title={Subtle biases in AI can influence emergency decisions
},
address={https://news.mit.edu/2022/when-subtle-biases-ai-influence-emergency-decisions-1216}
}
@book{XAIdoctors,
author={Zhang Y, Weng Y, Lund J.},
title={Applications of Explainable Artificial Intelligence in Diagnosis and Surgery},
address={https://www.ncbi.nlm.nih.gov/pmc/articles/PMC8870992/},
doi={10.3390/diagnostics12020237}
}
@book{xgbloss2,
author={Srishti Saha},
title={Understanding the log loss function of XGBoost},
address={https://medium.datadriveninvestor.com/understanding-the-log-loss-function-of-xgboost-8842e99d975d}
}
@book{xgbloss1,
author={ Jason Brownlee },
title={A Gentle Introduction to XGBoost Loss Functions
},
address={https://machinelearningmastery.com/xgboost-loss-functions/}
}


@book{CMSDedalus,
author={Dedalus},
title={CLINICAL MANAGEMENT SYSTEM (CMS)
},
address={https://www.dedalus.com/ne/en/our-offer/products/clinical-management-system-cms/}
}
@book{trustXAI,
author={Aleksandra Osipova},
title={Using Explainable AI (XAI) for Compliance and Trust in the Healthcare Industry
},
address={https://www.seldon.io/using-explainable-ai-xai-for-compliance-and-trust-in-the-healthcare-industry}
}
@book{CVDex1,
author={Lin A, Kolossváry M, Motwani M, Išgum I, Maurovich-Horvat P, Slomka PJ, Dey D.},
title={Artificial Intelligence in Cardiovascular Imaging for Risk Stratification in Coronary Artery Disease.},
address={https://www.ncbi.nlm.nih.gov/pmc/articles/PMC7978004/},
doi={10.1148/ryct.2021200512}
}

@book{AIcardio2,
author={Okere AN, Sanogo V, Alqhtani H, Diaby V.},
title={Identification of risk factors of 30-day readmission and 180-day in-hospital mortality, and its corresponding relative importance in patients with Ischemic heart disease: a machine learning approach},
address={https://pubmed.ncbi.nlm.nih.gov/33131344/},
doi={10.1080/14737167.2021.1842200}
}


@book{AIcardio3,
author={ Ambale-Venkatesh B, Yang X, Wu CO, Liu K, Hundley WG, McClelland R, Gomes AS, Folsom AR, Shea S, Guallar E, Bluemke DA, Lima JAC},
title={Cardiovascular Event Prediction by Machine Learning: The Multi-Ethnic Study of Atherosclerosis},
address={https://pubmed.ncbi.nlm.nih.gov/28794054/},
doi={10.1161/CIRCRESAHA.117.311312}
}
@book{AIcardio4,
author={Haq IU, Chhatwal K, Sanaka K, Xu B. },
title={Artificial Intelligence in Cardiovascular Medicine: Current Insights and Future Prospects. Vasc Health Risk},
address={https://www.ncbi.nlm.nih.gov/pmc/articles/PMC9288176/},
doi={10.2147/VHRM.S279337}
}




@book{stsegment,
author={Wikipedia},
title={ST segment},
address={https://en.wikipedia.org/wiki/ST_segment}
}


@book{sonnocvd,
author={Hui Cui, Rong Xu, Yiming Wan, Yong Ling, Yonggen Jiang, Yiling Wu, Ying Guan, Qi Zhao, Genming Zhao, Maryam Zaid},
title={Relationship of sleep duration with incident cardiovascular outcomes: a prospective study of 33,883 adults in a general population},
address={https://bmcpublichealth.biomedcentral.com/articles/10.1186/s12889-023-15042-x}
}

@book{uci,
author={Andras Janosi,William Steinbrunn,Matthias Pfisterer,Robert Detrano},
title={Heart Disease
},
address={https://archive.ics.uci.edu/dataset/45/heart+disease}
}

@book{ada1,
author={Anshul Saini},
title={Master the AdaBoost Algorithm: Guide to Implementing & Understanding AdaBoost
},
address={https://www.analyticsvidhya.com/blog/2021/09/adaboost-algorithm-a-complete-guide-for-beginners/}
}
@book{ada2,
author={Shipra Saxena
},
title={Introduction to AdaBoost Algorithm with Python Implementation
},
address={https://www.analyticsvidhya.com/blog/2021/03/introduction-to-adaboost-algorithm-with-python-implementation/}
}

